@article{monroe2015learning,
  title={Learning in the rational speech acts model},
  author={Monroe, Will and Potts, Christopher},
  journal={arXiv preprint arXiv:1510.06807},
  year={2015}
}

@article{frank2012predicting,
  title={Predicting pragmatic reasoning in language games},
  author={Frank, Michael C and Goodman, Noah D},
  journal={Science},
  volume={336},
  number={6084},
  pages={998--998},
  year={2012},
  publisher={American Association for the Advancement of Science}
}

@article{goodman2013knowledge,
  title={Knowledge and implicature: Modeling language understanding as social cognition},
  author={Goodman, Noah D and Stuhlm{\"u}ller, Andreas},
  journal={Topics in cognitive science},
  volume={5},
  number={1},
  pages={173--184},
  year={2013},
  publisher={Wiley Online Library}
}

@inproceedings{smith2013learning,
  title={Learning and using language via recursive pragmatic reasoning about other agents},
  author={Smith, Nathaniel J and Goodman, Noah and Frank, Michael},
  booktitle={Advances in neural information processing systems},
  pages={3039--3047},
  year={2013}
}

@article{andreas2016reasoning,
  title={Reasoning about pragmatics with neural listeners and speakers},
  author={Andreas, Jacob and Klein, Dan},
  journal={arXiv preprint arXiv:1604.00562},
  year={2016}
}

@article{monroe2017colors,
  title={Colors in context: A pragmatic neural model for grounded language understanding},
  author={Monroe, Will and Hawkins, Robert XD and Goodman, Noah D and Potts, Christopher},
  journal={arXiv preprint arXiv:1703.10186},
  year={2017}
}

@article{fried2017unified,
  title={Unified Pragmatic Models for Generating and Following Instructions},
  author={Fried, Daniel and Andreas, Jacob and Klein, Dan},
  journal={arXiv preprint arXiv:1711.04987},
  year={2017}
}

@article{lewis2017deal,
  title={Deal or no deal? end-to-end learning for negotiation dialogues},
  author={Lewis, Mike and Yarats, Denis and Dauphin, Yann N and Parikh, Devi and Batra, Dhruv},
  journal={arXiv preprint arXiv:1706.05125},
  year={2017}
}

@article{yarats2017hierarchical,
  title={Hierarchical text generation and planning for strategic dialogue},
  author={Yarats, Denis and Lewis, Mike},
  journal={arXiv preprint arXiv:1712.05846},
  year={2017}
}

@article{chenbuilding,
  title={Building Effective Goal-Oriented Dialogue Agents},
  author={Chen, Derek},
  year={2017}
}

@article{bengio2017consciousness,
  title={The consciousness prior},
  author={Bengio, Yoshua},
  journal={arXiv preprint arXiv:1709.08568},
  year={2017}
}

